@manual{oetiket2007lshort,
    author = {Oetiket, T. and Partl, H. and Hyna and Schlegl, E.},
    title = {The not-so-short introduction to Latex},
    url = {http://www.ctan.org/tex-archive/info/lshort/english/lshort.pdf}
}

@Manual{downes2002shortams,
  title = 	 {{Short Math Guide for \LaTeX{}}},
  author = 	 {Downes,, Michael},
  organization = {American Mathematical Society},
  year = 	 {2002},
  url = 	 {ftp://ftp.ams.org/pub/tex/doc/amsmath/short-math-guide.pdf}
}

@Book{ungar2002uvod,
  author = 	 {Šime Ungar},
  title = 	 {{Uvod u \TeX{} s naglaskom na \LaTeX 2$\epsilon$}},
  publisher = 	 {Odjel za matematiku, Sveučilište J.J.\ Strossmayera u Osijeku},
  year = 	 {2002}
}

 @techreport{rfc6455,
   author = "Ian Fette and Alexey Melnikov",
   title = "{The WebSocket Protocol}",
   howpublished = {Internet Requests for Comments},
   type="{RFC}",
   number=6455,
   pages = {1-56},
   year = {2011},
   month = {December},
   issn = {2070-1721},
   publisher = "{RFC Editor}",
   institution = "{RFC Editor}",
   url={https://tools.ietf.org/html/rfc6455}
}

@article{gravelle2009comet,
  title={Comet Programming: Using Ajax to Simulate Server Push},
  author={Gravelle, Rob},
  journal={Webreference tutorial, Mar},
  year={2009}
}

@misc{carbou2011,
   author = "Mathieu Carbou",
   title = "Reverse Ajax, Part 1: Introduction to Comet",
   year = "2011",
   month = "July",
   day = 19,
   url = {https://www.ibm.com/developerworks/library/wa-reverseajax1/},
   note = {[Online; accessed 31-May-2017]}
}

@misc{vincent2017,
   author = {James Vincent},
   title = {99.6 percent of new smartphones run Android or iOS --- The Verge},
   year = {2017},
   month = {February},
   day = {16},
   url = {https://www.theverge.com/2017/2/16/14634656/android-ios-market-share-blackberry-2016},
   note = {[Online; accessed 31-May-2017]}
}
